<record><leader>00000cas a22000007a 4500</leader><controlfield tag="001">9455055</controlfield><controlfield tag="008">830427d18861892ksuwr ne      0    0eng d</controlfield><controlfield tag="009">3789</controlfield><datafield ind1=" " ind2=" " tag="010"><subfield code="a">sn 83040069 </subfield></datafield><datafield ind1=" " ind2=" " tag="040"><subfield code="a">KSH</subfield><subfield code="b">eng</subfield><subfield code="c">KSH</subfield><subfield code="d">NPT</subfield></datafield><datafield ind1="1" ind2=" " tag="029"><subfield code="a">AU@</subfield><subfield code="b">000025789099</subfield></datafield><datafield ind1=" " ind2=" " tag="042"><subfield code="a">msc</subfield></datafield><datafield ind1=" " ind2=" " tag="043"><subfield code="a">n-us-ks</subfield></datafield><datafield ind1="0" ind2="0" tag="245"><subfield code="a">Kincaid kronicle.</subfield></datafield><datafield ind1=" " ind2=" " tag="260"><subfield code="a">Kincaid, Kan. :</subfield><subfield code="b">Dan Lawrence,</subfield><subfield code="c">1886-1892.</subfield></datafield><datafield ind1=" " ind2=" " tag="300"><subfield code="a">6 v. :</subfield><subfield code="b">ill. (chiefly adv.) ;</subfield><subfield code="c">59 cm.</subfield></datafield><datafield ind1=" " ind2=" " tag="310"><subfield code="a">Weekly</subfield></datafield><datafield ind1="0" ind2=" " tag="362"><subfield code="a">Vol. 1, no. 1 (Jan. 30, 1886)-v. 6, no. 10 (Aug. 26, 1892).</subfield></datafield><datafield ind1=" " ind2=" " tag="500"><subfield code="a">"Independent."</subfield></datafield><datafield ind1=" " ind2=" " tag="515"><subfield code="a">Suspended April 21-Sept. 19, 1889.</subfield></datafield><datafield ind1=" " ind2=" " tag="500"><subfield code="a">Editor: Dan Lawrence.</subfield></datafield><datafield ind1="1" ind2=" " tag="700"><subfield code="a">Lawrence, Dan.</subfield></datafield><datafield ind1=" " ind2=" " tag="752"><subfield code="a">United States</subfield><subfield code="b">Kansas</subfield><subfield code="c">Anderson</subfield><subfield code="d">Kincaid.</subfield></datafield></record>